@Article{an-article,
  Author         = {Gobry, Frederic and First Last},
  Title          = {This is a title},
  Journal        = "My journal",
  Number         = 123,
  Volume         = 12,
  Year           = 2007
}

@Book{a-book,
  Author         = {Gobry, Frederic and First Last},
  Title          = {This is a title},
}
