@Article{gobry99,
  author = 	 {Fr\'ed\'{e}ric Gobry},
  title = 	 {A test},
  journal = 	 {Journal},
}

