@Article{Sample,
   author    = {Floreano, D. and Godjevac, J. and Martinoli, A. and Mondada, F. and
               Nicoud, J.-D. and Gobry, F.}
}
