@Article{Sample,
   author    = {D. Floreano
}
}
