@Article{toto,
  note           = {a \char123 and a \char125},
  title          = { alternate for uppercase a: \char65},
}

