@string{JVSP = "Journal of Visual Soup Parsers"}

@article{sample,
  journal = JVSP
}
