@Article{toto2,
   author  = {Gobry, Frederic and Last, First},
   journal = {My journal},
   note    = {a \{ and a \}},
   number  = {123},
   title   = {This is a title that should span {SE}veral lines because it is waaaaay
             too long for a single line. {a}nyway.}
}
