@Article{toto2,
   author  = {Gobry, Frederic and Last, First},
   journal = {My journal},
   note    = {a \char123 and a \char125},
   number  = {123},
   title   = {Beware that using a "quoted String" should {NOT} force
             additional braces. {w}ell.}
}
