@article{toto:124(gronf),
   author = "me"
}
