@Article{Sample,
   author    = {D. Floreano and J. Godjevac and J.-P. Dupont and J. P. Dupont}
}
