@Article{Chapman,
   author = {Chapman, T. and Hayes, A. T. and Tilden, M.}
   journal= {Proc. of the 6th Int. Conf. on Simulation of Adaptive Behavior SAB-00},
}
