@Article{toto,
  Author         = {Gobry, Frederic and First Last},
  Title          = {This is a title},
  Journal        = "My journal",
  note           = {a \{ and a \}},
  number         = 123,
}

@Article ( toto2,
  Author         = {Gobry, Frederic and First Last},
  Title          = {This is a title},
  Journal        = "My journal",
  note           = {a \{ and a \}},
  number         = 123
)

