@Article{Sample,
   author    = {Gobry F.}
}
@Article{Sample,
   author    = {{Conf Bidule}}
}
