@strings{toto = "foo"}

mais c'est quoi cette charrette ??


@article{blah,
  author = {Frédéric G\"obrz},
  title = "Something in the air",
  journal = {So{Me} \'{e}normité} # toto,
  abstract = "And this \TeX\
thing who spans several lines for nothing...
"
}

@comment fooo  !!