@article{a,
  title = "Something in the air, A",
}

@article{c,
  title = "Something in the air, C",
}

@article{d,
  title = "Something in the air, D",
}
