@Article{gobry99,
  author = 	 {Fr\'ed\'{e}ric Gobry},
  title = 	 {A~test with a \'{\i}},
  journal = 	 {Journal of \ss},
}

