@Article{Sample,
   author    = {Floreano, D. and Godjevac, J. and Martinoli, A. and Mondada, F. and
               Nicoud, J.-D. and Go{b}ry, F. and Ajay K. Verma and J. Eliot B. Moss}
}
