@comment This is a comment

@comment This is a { comment too

@comment {mee too}

@Article{toto,
  Author         = {Gobry, Frederic and First Last},
  Title          = {This is a title},
  Journal        = "My journal",
  note           = {a \{ and a \}},
  number         = 123,
}

@comment Comments in the middle won't be kept

@comment (parenthesis are also allowed)
