@Article{toto,
  Author         = {Gobry,  {}Frederic and First Last},
  Title          = {{}This is a title{}},
  Journal        = "My {}journal",
  note           = {},
  number         = "",
}

