@Article{
   author  = {Smith, Fred},
   journal = {Some Journal},
   title   = {Something about {N}othing}
}
