@Article{toto2,
   author  = {Gobry, Frederic and Last, First},
   journal = {My journal},
   note    = {a \char123 and a \char125},
   number  = {123},
   title   = {This is a title that should span {SE}veral lines because it
             is waaaaay too long for a single line. {a}nyway. {GRONF}.}
}
