@inproceedings { HerdaUHF02,
      author = "Q. R.Urtasun",
      title = "An Automatic Method For Determining Quaternion Field Boundaries for Ball-and-Socket Joint Limits",
      booktitle = "Automated Face and Gesture Recognition, Washington, DC",
      month = "May",
      year = "2002",
}
