@ARTICLE{
       AUTHOR             = {Fred Smith},
       JOURNAL            = {Some Journal},
       MONTH              = sep,
       NUMBER             = {40},
       PAGES              = {21--23},
       TITLE              = {Something about Nothing},
       YEAR               = {1993},
}
