@Article{Floreano:1999,
   title  = {.-\#()},
}
