@Article{toto,
  Author         = {Gobry, Frederic} # { and } # "First Last",
  Title          = {This is a title},
  Journal        = jan # { 1st},
  number         = 123 # { 456 },
}

