@Article{Sample,
   author    = {F.~Gobry}
}
