@Article{Sample,
   author    = {Peter Johan Van Cleynenbreugel}
}
